<record><leader>00000cas a22000007a 4500</leader><controlfield tag="001">9233156</controlfield><controlfield tag="008">830217d184718uumaumr ne      0    0eng d</controlfield><controlfield tag="009">3768</controlfield><datafield ind1=" " ind2=" " tag="010"><subfield code="a">sn 83020034 </subfield></datafield><datafield ind1=" " ind2=" " tag="040"><subfield code="a">NPX</subfield><subfield code="b">eng</subfield><subfield code="c">NPX</subfield></datafield><datafield ind1="1" ind2=" " tag="029"><subfield code="a">AU@</subfield><subfield code="b">000025786818</subfield></datafield><datafield ind1=" " ind2=" " tag="042"><subfield code="a">msc</subfield></datafield><datafield ind1="0" ind2="0" tag="245"><subfield code="a">Peabody's dry goods reporter and general advertiser.</subfield></datafield><datafield ind1="0" ind2="0" tag="246"><subfield code="a">Dry goods reporter and general advertiser</subfield></datafield><datafield ind1=" " ind2=" " tag="260"><subfield code="a">Lowell [Mass.] :</subfield><subfield code="b">Jas. M. Peabody,</subfield><subfield code="c">1847-</subfield></datafield><datafield ind1=" " ind2=" " tag="300"><subfield code="a">v. ;</subfield><subfield code="c">50 cm.</subfield></datafield><datafield ind1=" " ind2=" " tag="310"><subfield code="a">Monthly</subfield></datafield><datafield ind1="0" ind2=" " tag="362"><subfield code="a">Vol. 1, no. 1 (Dec. 1847)-</subfield></datafield><datafield ind1=" " ind2=" " tag="500"><subfield code="a">Printer: Jas. Atkinson.</subfield></datafield><datafield ind1=" " ind2=" " tag="500"><subfield code="a">Advertizing paper.</subfield></datafield><datafield ind1="1" ind2=" " tag="700"><subfield code="a">Peabody, James M.</subfield></datafield><datafield ind1=" " ind2=" " tag="752"><subfield code="a">United States</subfield><subfield code="b">Massachusetts</subfield><subfield code="c">Middlesex</subfield><subfield code="d">Lowell.</subfield></datafield></record>